@article{Bern1766,
  author =        {Bernoulli, D.},
  journal =       {M\'em Mathematical Physics Academy Royal Science
                   Paris},
  pages =         {1-45},
  title =         {Essai d'une nouvelle analyse de la mortalit\'e
                   caus\'ee par la petite v\'erole et des advantages de
                   l'inoculation pour la pr\'evenir},
  year =          {1766},
}

@article{BlowBern04,
  author =        {Blower, S. and Bernoulli, D.},
  journal =       {Reviews in Medical Virology},
  pages =         {275-288},
  title =         {An attempt at a new analysis of the mortality caused
                   by smallpox and of the advantages of inoculation to
                   prevent it. 1766},
  volume =        {14},
  year =          {2004},
  doi = {10.1002/rmv.443},
  url = {http://doi.org/10.1002/rmv.443}
}

@article{DietHees02,
  title={Daniel Bernoulliâ€™s epidemiological model revisited},
  author={Dietz, K. and Heesterbeek, J. A. P.},
  journal={Mathematical Biosciences},
  volume={180},
  number={1-2},
  pages={1--21},
  year={2002},
  publisher={Elsevier}
}

@article{
KermMcKe27,
   Author = {Kermack, W. O. and McKendrick, A. G.},
   Title = {A contribution to the mathematical theory of epidemics},
   Journal = {Proceedings of the Royal Society of London Series A},
   Volume = {115},
   Pages = {700-721},
   Keywords = {SIR, SEIR},
   Year = {1927} }

@article{Diek+95,
  title={The legacy of {Kermack and McKendrick}},
  author={Diekmann, Odo and Heesterbeek, Johan Andre Peter and Metz, Johan A J},
  journal={Publications of the Newton Institute},
  volume={5},
  pages={95--115},
  year={1995},
  publisher={Cambridge University Press}
}
